<record><leader>00000cas a22000007a 4500</leader><controlfield tag="001">34898625</controlfield><controlfield tag="008">960608d19181919okuwr n       0    0eng d</controlfield><datafield ind1=" " ind2=" " tag="010"><subfield code="a">sn 96087848 </subfield></datafield><datafield ind1=" " ind2=" " tag="040"><subfield code="a">OBN</subfield><subfield code="b">eng</subfield><subfield code="c">OBN</subfield><subfield code="d">OCLCQ</subfield><subfield code="d">OCLCF</subfield><subfield code="d">OCLCO</subfield></datafield><datafield ind1="1" ind2=" " tag="029"><subfield code="a">AU@</subfield><subfield code="b">000012570604</subfield></datafield><datafield ind1=" " ind2=" " tag="042"><subfield code="a">msc</subfield></datafield><datafield ind1=" " ind2=" " tag="043"><subfield code="a">n-us-ok</subfield></datafield><datafield ind1="0" ind2="0" tag="245"><subfield code="a">Heavener ledger dispatch.</subfield></datafield><datafield ind1=" " ind2=" " tag="260"><subfield code="a">Heavener, Okla. :</subfield><subfield code="b">Frank Richards</subfield></datafield><datafield ind1=" " ind2=" " tag="300"><subfield code="a">v.</subfield></datafield><datafield ind1=" " ind2=" " tag="310"><subfield code="a">Weekly</subfield></datafield><datafield ind1="0" ind2=" " tag="362"><subfield code="a">Vol. 14, no. 1 (Jan. 3, 1918)-v. 15, no. 48 (Dec. 4, 1919).</subfield></datafield><datafield ind1=" " ind2="0" tag="651"><subfield code="a">Heavener (Okla.)</subfield><subfield code="v">Newspapers.</subfield></datafield><datafield ind1=" " ind2="0" tag="651"><subfield code="a">Le Flore County (Okla.)</subfield><subfield code="v">Newspapers.</subfield></datafield><datafield ind1=" " ind2="7" tag="655"><subfield code="a">Newspapers.</subfield><subfield code="2">fast</subfield><subfield code="0">(OCoLC)fst01423814</subfield></datafield><datafield ind1=" " ind2="7" tag="651"><subfield code="a">Oklahoma</subfield><subfield code="z">Heavener.</subfield><subfield code="2">fast</subfield><subfield code="0">(OCoLC)fst01277813</subfield></datafield><datafield ind1=" " ind2="7" tag="651"><subfield code="a">Oklahoma</subfield><subfield code="z">Le Flore County.</subfield><subfield code="2">fast</subfield><subfield code="0">(OCoLC)fst01205859</subfield></datafield><datafield ind1=" " ind2=" " tag="752"><subfield code="a">United States</subfield><subfield code="b">Oklahoma</subfield><subfield code="c">Leflore</subfield><subfield code="d">Heavener.</subfield></datafield><datafield ind1="0" ind2="4" tag="780"><subfield code="t">Heavener dispatch</subfield><subfield code="w">(DLC)sn 96087847</subfield><subfield code="w">(OCoLC)34898606</subfield></datafield><datafield ind1="0" ind2="4" tag="780"><subfield code="t">Heavener ledger (Heavener, Okla. : 1908)</subfield><subfield code="w">(DLC)sn 96087846</subfield><subfield code="w">(OCoLC)34898592</subfield></datafield><datafield ind1="0" ind2="0" tag="785"><subfield code="t">Ledger-dispatch (Heavener, Okla.)</subfield><subfield code="w">(DLC)sn 96087849</subfield><subfield code="w">(OCoLC)34898636</subfield></datafield></record>